@article{PhysRevD.98.030001,
  title = {Review of Particle Physics},
  author = {Tanabashi, M. and others},
  collaboration = {Particle Data Group},
  journal = {Phys. Rev. D},
  volume = {98},
  issue = {3},
  pages = {030001},
  numpages = {1898},
  year = {2018},
  month = {Aug},
  publisher = {American Physical Society},
  doi = {10.1103/PhysRevD.98.030001},
  url = {https://link.aps.org/doi/10.1103/PhysRevD.98.030001}
}

@article{Aghanim:2018eyx,
      author         = "Aghanim, N. and others",
      title          = "{Planck 2018 results. VI. Cosmological parameters}",
      collaboration  = "Planck",
      year           = "2018",
      eprint         = "1807.06209",
      archivePrefix  = "arXiv",
      primaryClass   = "astro-ph.CO",
      SLACcitation   = "%%CITATION = ARXIV:1807.06209;%%"
}

@article{Arkani-Hamed:2016rle,
      author         = "Arkani-Hamed, Nima and Cohen, Timothy and D'Agnolo,
                        Raffaele Tito and Hook, Anson and Kim, Hyung Do and
                        Pinner, David",
      title          = "{Solving the Hierarchy Problem at Reheating with a Large
                        Number of Degrees of Freedom}",
      journal        = "Phys. Rev. Lett.",
      volume         = "117",
      year           = "2016",
      number         = "25",
      pages          = "251801",
      doi            = "10.1103/PhysRevLett.117.251801",
      eprint         = "1607.06821",
      archivePrefix  = "arXiv",
      primaryClass   = "hep-ph",
      SLACcitation   = "%%CITATION = ARXIV:1607.06821;%%"
}

@article{Bai:2018vik,
      author         = "Bai, Yang and Long, Andrew J.",
      title          = "{Six Flavor Quark Matter}",
      journal        = "JHEP",
      volume         = "06",
      year           = "2018",
      pages          = "072",
      doi            = "10.1007/JHEP06(2018)072",
      eprint         = "1804.10249",
      archivePrefix  = "arXiv",
      primaryClass   = "hep-ph",
      SLACcitation   = "%%CITATION = ARXIV:1804.10249;%%"
}

@article{Baumholzer:2018sfb,
      author         = "Baumholzer, Sven and Brdar, Vedran and Schwaller, Pedro",
      title          = "{The New $\nu$MSM ($\nu\nu$MSM): Radiative Neutrino
                        Masses, keV-Scale Dark Matter and Viable Leptogenesis with
                        sub-TeV New Physics}",
      journal        = "JHEP",
      volume         = "08",
      year           = "2018",
      pages          = "067",
      doi            = "10.1007/JHEP08(2018)067",
      eprint         = "1806.06864",
      archivePrefix  = "arXiv",
      primaryClass   = "hep-ph",
      reportNumber   = "MITP/18-050, MITP-18-050",
      SLACcitation   = "%%CITATION = ARXIV:1806.06864;%%"
}

@article{Breitbach:2018ddu,
      author         = "Breitbach, Moritz and Kopp, Joachim and Madge, Eric and
                        Opferkuch, Toby and Schwaller, Pedro",
      title          = "{Dark, Cold, and Noisy: Constraining Secluded Hidden
                        Sectors with Gravitational Waves}",
      year           = "2018",
      eprint         = "1811.11175",
      archivePrefix  = "arXiv",
      primaryClass   = "hep-ph",
      reportNumber   = "CERN-TH-2018-255, MITP/18-115",
      SLACcitation   = "%%CITATION = ARXIV:1811.11175;%%", 
      journal        = "",
      volume         = "",
      pages          = ""

}

@article{Caprini:2015zlo,
      author         = "Caprini, Chiara and others",
      title          = "{Science with the space-based interferometer eLISA. II:
                        Gravitational waves from cosmological phase transitions}",
      journal        = "JCAP",
      volume         = "1604",
      year           = "2016",
      number         = "04",
      pages          = "001",
      doi            = "10.1088/1475-7516/2016/04/001",
      eprint         = "1512.06239",
      archivePrefix  = "arXiv",
      primaryClass   = "astro-ph.CO",
      reportNumber   = "DESY-15-246",
      SLACcitation   = "%%CITATION = ARXIV:1512.06239;%%"
}

@article{Cui:2011wk,
      author         = "Cui, Jian-Wei and He, Hong-Jian and Lu, Lan-Chun and Yin,
                        Fu-Rong",
      title          = "{Spontaneous Mirror Parity Violation, Common Origin of
                        Matter and Dark Matter, and the LHC Signatures}",
      journal        = "Phys. Rev.",
      volume         = "D85",
      year           = "2012",
      pages          = "096003",
      doi            = "10.1103/PhysRevD.85.096003",
      eprint         = "1110.6893",
      archivePrefix  = "arXiv",
      primaryClass   = "hep-ph",
      SLACcitation   = "%%CITATION = ARXIV:1110.6893;%%"
}

@article{Cuteri:2017zcb,
      author         = "Cuteri, Francesca and Czaban, Christopher and Philipsen,
                        Owe and Sciarra, Alessandro",
      title          = "{Updates on the Columbia plot and its
                        extended/alternative versions}",
      booktitle      = "{Proceedings, 35th International Symposium on Lattice
                        Field Theory (Lattice 2017): Granada, Spain, June 18-24,
                        2017}",
      journal        = "EPJ Web Conf.",
      volume         = "175",
      year           = "2018",
      pages          = "07032",
      doi            = "10.1051/epjconf/201817507032",
      eprint         = "1710.09304",
      archivePrefix  = "arXiv",
      primaryClass   = "hep-lat",
      SLACcitation   = "%%CITATION = ARXIV:1710.09304;%%"
}

@article{Espinosa:2010hh,
      author         = "Espinosa, Jose R. and Konstandin, Thomas and No, Jose M.
                        and Servant, Geraldine",
      title          = "{Energy Budget of Cosmological First-order Phase
                        Transitions}",
      journal        = "JCAP",
      volume         = "1006",
      year           = "2010",
      pages          = "028",
      doi            = "10.1088/1475-7516/2010/06/028",
      eprint         = "1004.4187",
      archivePrefix  = "arXiv",
      primaryClass   = "hep-ph",
      reportNumber   = "CERN-PH-TH-2010-027",
      SLACcitation   = "%%CITATION = ARXIV:1004.4187;%%"
}

@article{Geller:2018mwu,
      author         = "Geller, Michael and Hook, Anson and Sundrum, Raman and
                        Tsai, Yuhsin",
      title          = "{Primordial Anisotropies in the Gravitational Wave
                        Background from Cosmological Phase Transitions}",
      journal        = "Phys. Rev. Lett.",
      volume         = "121",
      year           = "2018",
      number         = "20",
      pages          = "201303",
      doi            = "10.1103/PhysRevLett.121.201303",
      eprint         = "1803.10780",
      archivePrefix  = "arXiv",
      primaryClass   = "hep-ph",
      SLACcitation   = "%%CITATION = ARXIV:1803.10780;%%"
}

@article{Linde:1978px,
      author         = "Linde, Andrei D.",
      title          = "{Phase Transitions in Gauge Theories and Cosmology}",
      journal        = "Rept. Prog. Phys.",
      volume         = "42",
      year           = "1979",
      pages          = "389",
      doi            = "10.1088/0034-4885/42/3/001",
      reportNumber   = "LEBEDEV-78-166",
      SLACcitation   = "%%CITATION = RPPHA,42,389;%%"
}

@article{Mangano:2005cc,
      author         = "Mangano, Gianpiero and Miele, Gennaro and Pastor, Sergio
                        and Pinto, Teguayco and Pisanti, Ofelia and Serpico,
                        Pasquale D.",
      title          = "{Relic neutrino decoupling including flavor
                        oscillations}",
      journal        = "Nucl. Phys.",
      volume         = "B729",
      year           = "2005",
      pages          = "221-234",
      doi            = "10.1016/j.nuclphysb.2005.09.041",
      eprint         = "hep-ph/0506164",
      archivePrefix  = "arXiv",
      primaryClass   = "hep-ph",
      reportNumber   = "DSF-16-2005, IFIC-05-17, MPP-2005-36",
      SLACcitation   = "%%CITATION = HEP-PH/0506164;%%"
}

@book{Peskin:1995ev,
      author         = "Peskin, Michael E. and Schroeder, Daniel V.",
      title          = "{An Introduction to quantum field theory}",
      publisher      = "Addison-Wesley",
      address        = "Reading, USA",
      year           = "1995",
      url            = "http://www.slac.stanford.edu/~mpeskin/QFT.html",
      ISBN           = "9780201503975, 0201503972",
      SLACcitation   = "%%CITATION = INSPIRE-407703;%%"
}

@article{Pisarski:1983ms,
      author         = "Pisarski, Robert D. and Wilczek, Frank",
      title          = "{Remarks on the Chiral Phase Transition in
                        Chromodynamics}",
      journal        = "Phys. Rev.",
      volume         = "D29",
      year           = "1984",
      pages          = "338-341",
      doi            = "10.1103/PhysRevD.29.338",
      reportNumber   = "NSF-ITP-83-152",
      SLACcitation   = "%%CITATION = PHRVA,D29,338;%%"
}

@article{Schwaller:2015tja,
      author         = "Schwaller, Pedro",
      title          = "{Gravitational Waves from a Dark Phase Transition}",
      journal        = "Phys. Rev. Lett.",
      volume         = "115",
      year           = "2015",
      number         = "18",
      pages          = "181101",
      doi            = "10.1103/PhysRevLett.115.181101",
      eprint         = "1504.07263",
      archivePrefix  = "arXiv",
      primaryClass   = "hep-ph",
      reportNumber   = "CERN-PH-TH-2015-093",
      SLACcitation   = "%%CITATION = ARXIV:1504.07263;%%"
}

@book{Schwartz:2013pla,
      author         = "Schwartz, Matthew D.",
      title          = "{Quantum Field Theory and the Standard Model}",
      publisher      = "Cambridge University Press",
      year           = "2014",
      url            = "http://www.cambridge.org/us/academic/subjects/physics/theoretical-physics-and-mathematical-physics/quantum-field-theory-and-standard-model",
      ISBN           = "1107034736, 9781107034730",
      SLACcitation   = "%%CITATION = INSPIRE-1276589;%%"
}

@article{SVETITSKY1982423,
title = "Critical behavior at finite-temperature confinement transitions",
journal = "Nuclear Physics B",
volume = "210",
number = "4",
pages = "423 - 447",
year = "1982",
issn = "0550-3213",
doi = "https://doi.org/10.1016/0550-3213(82)90172-9",
url = "http://www.sciencedirect.com/science/article/pii/0550321382901729",
author = "Benjamin Svetitsky and Laurence G. Yaffe",
abstract = "Confinement in a pure gauge theory at non-zero temperature may be discussed in terms of an order parameter which transforms under a global symmetry group, the center of the gauge group. Integrating out all degrees of freedom except this order parameter generates an effective scalar field theory for the order parameter, globally invariant under the center symmetry. We argue that the effective theory possesses only short-range couplings, and hence that the finite-temperature confinement phase transition (when continuous) is accompanied by long-range fluctuations only in the order parameter. Universality ideas then lead to predictions for the critical properties of U(1), Z(N), and SU(N) gauge theories for all dimensionalities of space-time. An explicit renormalization-group calculation is presented for the U(1) gauge theory in (2 + 1) dimensions, the results of which fit the general picture."
}
